@article{ GWDZ202424012,
author = { 苗恒 and  曲英杰 },
title = {基于xorHash的RISC-V分支预测器设计},
journal = {电子设计工程},
volume = {32},
number = {24},
pages = {58-62+67},
year = {2024},
issn = {1674-6236},
doi = {10.14022/j.issn1674-6236.2024.24.012}
}

@article{ DLXZ20250107001,
author = { 朱珂 and  何先波 and  滕芊芊 },
title = {基于RISC-V架构的寄存器分配研究},
journal = {智能计算机与应用},
pages = {1-7},
issn = {2095-2163},
doi = {10.20169/j.issn.2095-2163.24111701}
}

@article{cocke1990evolution,
  title={The evolution of RISC technology at IBM},
  author={Cocke, John and Markstein, Victoria},
  journal={IBM Journal of research and development},
  volume={34},
  number={1},
  pages={4--11},
  year={1990},
  publisher={IBM}
}

@article{waterman2011risc,
  title={The risc-v instruction set manual, volume i: Base user-level isa},
  author={Waterman, Andrew and Lee, Yunsup and Patterson, David A and Asanovic, Krste},
  journal={EECS Department, UC Berkeley, Tech. Rep. UCB/EECS-2011-62},
  volume={116},
  pages={1--32},
  year={2011}
}

@article{asanovic2014instruction,
  title={Instruction sets should be free: The case for risc-v},
  author={Asanovi{\'c}, Krste and Patterson, David A},
  journal={EECS Department, University of California, Berkeley, Tech. Rep. UCB/EECS-2014-146},
  year={2014}
}