%-------------------------------------------------
% FileName: : ref.bib
% Author: Safin
% Version: 0.1
% Date: 2020-05-12
% Description: 参考文献数据
% Others: 请参照google学术导入bibtex
%         文献类型 和 相关参数 参考 
%         https://gitee.com/walkeraguo/gbt7714-bibtex-style
% History: origin
%-------------------------------------------------

% 参考文献是毕业设计（论文）不可缺少的组成部分，在毕业设计（论文）的撰写过程中应承认和尊重他人的知识成果，参考与引用的内容必须注明，杜绝抄袭、剽窃他人成果。同时，引用的资料应具有权威性，并对毕业设计（论文）有直接的参考价值。
% 要求查阅文献15篇（含）以上，其中外文文献3篇（含）以上，近三年公开发表的文献3篇（含）以上，书籍不超过5本，期刊（[J]）和论文集（[C]）8篇（含）以上，包括导师指定的全部参考文献。

% 多数时候，我们无需自己手写 BIBTEX 文献条目。从 Google Scholar 或者期刊/数据库的网站上都能够导出 BIBTEX 文献条目，老牌的文献管理软件 EndNote 也支持生成 BIBTEX 格式的数据库。开源软件 JabRef 甚至支持 BIBTEX 文献条目的导入、导出和管理。

% 文献类型 和 相关参数 参考 
% https://gitee.com/walkeraguo/gbt7714-bibtex-style

% 具体用法
% https://gitee.com/yeyunxiaopan/zsc-cs-latex-thesis/blob/master/ug/ug.md#%E5%8F%82%E8%80%83%E6%96%87%E7%8C%AE


% 书籍

% 文献
@article{ GWDZ202424012,
author = { 苗恒 and  曲英杰 },
title = {基于xorHash的RISC-V分支预测器设计},
journal = {电子设计工程},
volume = {32},
number = {24},
pages = {58-62+67},
year = {2024},
issn = {1674-6236},
doi = {10.14022/j.issn1674-6236.2024.24.012}
}

@article{ DLXZ20250107001,
author = { 朱珂 and  何先波 and  滕芊芊 },
title = {基于RISC-V架构的寄存器分配研究},
journal = {智能计算机与应用},
pages = {1-7},
issn = {2095-2163},
doi = {10.20169/j.issn.2095-2163.24111701}
}

@article{cocke1990evolution,
  title={The evolution of RISC technology at IBM},
  author={Cocke, John and Markstein, Victoria},
  journal={IBM Journal of research and development},
  volume={34},
  number={1},
  pages={4--11},
  year={1990},
  publisher={IBM}
}

@article{waterman2011risc,
  title={The risc-v instruction set manual, volume i: Base user-level isa},
  author={Waterman, Andrew and Lee, Yunsup and Patterson, David A and Asanovic, Krste},
  journal={EECS Department, UC Berkeley, Tech. Rep. UCB/EECS-2011-62},
  volume={116},
  pages={1--32},
  year={2011}
}

@article{asanovic2014instruction,
  title={Instruction sets should be free: The case for risc-v},
  author={Asanovi{\'c}, Krste and Patterson, David A},
  journal={EECS Department, University of California, Berkeley, Tech. Rep. UCB/EECS-2014-146},
  year={2014}
}

@article{marena2019risc,
  title={RISC-V: high performance embedded SweRV™ core microarchitecture, performance and CHIPS Alliance},
  author={Marena, Ted},
  journal={Western Digital Corporation},
  year={2019}
}

@article{ JCDI202106005,
title = {平头哥发布全新RISC-V处理器},
journal = {中国集成电路},
volume = {30},
number = {06},
pages = {21},
year = {2021},
issn = {1681-5289},
}

@article{ JFYZ202303014,
author = { 王凯帆 and  徐易难 and  余子濠 and  唐丹 and  陈国凯 and  陈熙 and  勾凌睿 and  胡轩 and  金越 and  李乾若 and  李昕 and  蔺嘉炜 and  刘彤 and  刘志刚 and  王华强 and  王诲喆 and  张传奇 and  张发旺 and  张林隽 and  张紫飞 and  张梓悦 and  赵阳洋 and  周耀阳 and  邹江瑞 and  蔡晔 and  郇丹丹 and  李祖松 and  赵继业 and  何伟 and  孙凝晖 and  包云岗 },
title = {香山开源高性能RISC-V处理器设计与实现},
journal = {计算机研究与发展},
volume = {60},
number = {03},
pages = {476-493},
year = {2023},
issn = {1000-1239},
}


@Article{electronics13173494,
AUTHOR = {Daki\u0107, Vedran and Mr\u0161i\u0107, Leo and Kuni\u0107, Zdravko and \u0110ambi\u0107, Goran},
TITLE = {Evaluating ARM and RISC-V Architectures for High-Performance Computing with Docker and Kubernetes},
JOURNAL = {Electronics},
VOLUME = {13},
YEAR = {2024},
NUMBER = {17},
ARTICLE-NUMBER = {3494},
URL = {https://www.mdpi.com/2079-9292/13/17/3494},
ISSN = {2079-9292},
DOI = {10.3390/electronics13173494}
}

@proceedings{10.1145/3431920,
title = {FPGA '21: The 2021 ACM/SIGDA International Symposium on Field-Programmable Gate Arrays},
year = {2021},
isbn = {9781450382182},
publisher = {Association for Computing Machinery},
address = {New York, NY, USA},
location = {Virtual Event, USA}
}

@article{ SDDZ202411008,
author = { 钟戴元 and  曾庆立 and  周佳凯 and  薛浪 and  唐瑞东 },
title = {基于RISC-V处理器的软硬件联合验证平台设计与实现},
journal = {信息技术与信息化},
volume = {},
number = {11},
pages = {23-26},
year = {2024},
issn = {1672-9528},
}

@article{ JSGG202020007,
author = { 郝振和 and  焦继业 and  李雨倩 },
title = {基于AHB总线的RISC-V微处理器设计与实现},
journal = {计算机工程与应用},
volume = {56},
number = {20},
pages = {52-58},
year = {2020},
issn = {1002-8331},
}

@article{ JSGG202103009,
author = { 潘树朋 and  刘有耀 and  焦继业 and  李昭 },
title = {基于RISC-V浮点指令集FPU的研究与设计},
journal = {计算机工程与应用},
volume = {57},
number = {03},
pages = {80-86},
year = {2021},
issn = {1002-8331},
}
% 会议录的析出文献

% 博士学位论文

% 硕士学位论文

% 网页 

% patent 专利

% latex 相关